<?xml version='1.0' encoding='utf-8'?>
<ns0:collection xmlns:ns0="http://www.loc.gov/MARC21/slim" xmlns:ns2="http://wwww.loc.gove/MARC21/slim" xmlns:xsi="http://www.w3.org/2001/XMLSchema-instance" xsi:schemaLocation="http://www.loc.gov/MARC21/slim http://www.loc.gov/standards/marcxml/schema/MARC21slim.xsd">
<ns0:record><ns0:leader>01043nam a2200277   4500</ns0:leader>
<ns0:controlfield tag="001">40766</ns0:controlfield>
<ns0:controlfield tag="003">NNELS</ns0:controlfield><ns0:controlfield tag="005">20180110230524.0</ns0:controlfield><ns0:controlfield tag="008">      s1954    enka   j      00001 eng d</ns0:controlfield><ns0:datafield ind1="0" ind2=" " tag="050"><ns0:subfield code="a">PZ7.S966</ns0:subfield><ns0:subfield code="b">Eag</ns0:subfield></ns0:datafield><ns0:datafield ind1="1" ind2="0" tag="100"><ns0:subfield code="a">Sutcliff, Rosemary.</ns0:subfield></ns0:datafield><ns0:datafield ind1="1" ind2="4" tag="245"><ns0:subfield code="a">The eagle of the Ninth.</ns0:subfield><ns0:subfield code="c">Illustrated by C. Walter Hodges.</ns0:subfield></ns0:datafield><ns0:datafield ind1="0" ind2=" " tag="264"><ns0:subfield code="a">[London]</ns0:subfield><ns0:subfield code="b">Oxford University Press,</ns0:subfield><ns0:subfield code="c">1954.</ns0:subfield></ns0:datafield><ns0:datafield ind1=" " ind2=" " tag="300"><ns0:subfield code="a">255 p.</ns0:subfield><ns0:subfield code="b">illus.</ns0:subfield><ns0:subfield code="c">23 cm.</ns0:subfield></ns0:datafield><ns0:datafield ind1=" " ind2=" " tag="500"><ns0:subfield code="a">First title in the Eagle sequence.</ns0:subfield></ns0:datafield><ns0:datafield ind1=" " ind2=" " tag="506"><ns0:subfield code="a">Restricted to use by people with a documented print impairment.</ns0:subfield></ns0:datafield><ns0:datafield ind1=" " ind2=" " tag="520"><ns0:subfield code="a">A young centurion ventures among the hostile tribes beyond the Roman Wall to recover the eagle standard of the Ninth, a legion which mysteriously disappeared under his father's command.</ns0:subfield></ns0:datafield><ns0:datafield ind1=" " ind2="0" tag="651"><ns0:subfield code="a">Great Britain</ns0:subfield><ns0:subfield code="x">History</ns0:subfield><ns0:subfield code="y">Roman period, 55 B.C.-449 A.D.</ns0:subfield><ns0:subfield code="v">Juvenile fiction.</ns0:subfield></ns0:datafield><ns0:datafield ind1=" " ind2="0" tag="655"><ns0:subfield code="a">Historical fiction.</ns0:subfield></ns0:datafield><ns0:datafield ind1="1" ind2=" " tag="800"><ns0:subfield code="a">Sutcliff, Rosemary.</ns0:subfield><ns0:subfield code="t">Eagle sequence ;</ns0:subfield><ns0:subfield code="v">1.</ns0:subfield></ns0:datafield><ns0:datafield ind1=" " ind2=" " tag="935"><ns0:subfield code="a">(WaOLN)1621527</ns0:subfield></ns0:datafield><ns0:datafield ind1=" " ind2=" " tag="995"><ns0:subfield code="a">114</ns0:subfield></ns0:datafield><ns0:datafield ind1=" " ind2=" " tag="996"><ns0:subfield code="a">518119</ns0:subfield></ns0:datafield><ns0:datafield ind1=" " ind2=" " tag="997"><ns0:subfield code="a">103834</ns0:subfield></ns0:datafield><ns0:datafield ind1=" " ind2=" " tag="998"><ns0:subfield code="a">2185083</ns0:subfield></ns0:datafield><ns0:datafield ind1=" " ind2=" " tag="998"><ns0:subfield code="a">2335782</ns0:subfield></ns0:datafield><ns2:datafield ind1=" " ind2=" " tag="035"><ns0:subfield code="a">(AutoGenerated)201802141659510080002</ns0:subfield></ns2:datafield></ns0:record>