
<ns0:record><ns0:leader>01202cam a2200277 a 4500</ns0:leader>
<ns0:controlfield tag="001">40764</ns0:controlfield>
<ns0:controlfield tag="003">NNELS</ns0:controlfield><ns0:controlfield tag="005">20180110230250.0</ns0:controlfield><ns0:controlfield tag="008">100730s2010    nyu     d     000 1 eng  </ns0:controlfield><ns0:datafield ind1=" " ind2=" " tag="010"><ns0:subfield code="a">  2010481456</ns0:subfield></ns0:datafield><ns0:datafield ind1=" " ind2=" " tag="040"><ns0:subfield code="a">DLC</ns0:subfield><ns0:subfield code="c">DLC</ns0:subfield><ns0:subfield code="d">BTCTA</ns0:subfield><ns0:subfield code="d">TEFBT</ns0:subfield><ns0:subfield code="d">IP6</ns0:subfield><ns0:subfield code="d">ZHB</ns0:subfield><ns0:subfield code="d">GPI</ns0:subfield><ns0:subfield code="d">VP@</ns0:subfield></ns0:datafield><ns0:datafield ind1="1" ind2="0" tag="050"><ns0:subfield code="a">PS3613.A7778</ns0:subfield><ns0:subfield code="b">M68 2010b</ns0:subfield></ns0:datafield><ns0:datafield ind1="0" ind2="0" tag="082"><ns0:subfield code="a">813/.6</ns0:subfield><ns0:subfield code="2">22</ns0:subfield></ns0:datafield><ns0:datafield ind1="1" ind2=" " tag="100"><ns0:subfield code="a">Martin, Charles,</ns0:subfield><ns0:subfield code="d">1969-</ns0:subfield></ns0:datafield><ns0:datafield ind1="1" ind2="4" tag="245"><ns0:subfield code="a">The mountain between us /</ns0:subfield><ns0:subfield code="c">Charles Martin.</ns0:subfield></ns0:datafield><ns0:datafield ind1=" " ind2=" " tag="250"><ns0:subfield code="a">1st large print ed.</ns0:subfield></ns0:datafield><ns0:datafield ind1=" " ind2=" " tag="264"><ns0:subfield code="a">New York :</ns0:subfield><ns0:subfield code="b">Random House Large Print,</ns0:subfield><ns0:subfield code="c">c2010.</ns0:subfield></ns0:datafield><ns0:datafield ind1=" " ind2=" " tag="300"><ns0:subfield code="a">532 p. (large print) ;</ns0:subfield><ns0:subfield code="c">21 cm.</ns0:subfield></ns0:datafield><ns0:datafield ind1=" " ind2=" " tag="506"><ns0:subfield code="a">Restricted to use by people with a documented print impairment.</ns0:subfield></ns0:datafield><ns0:datafield ind1=" " ind2=" " tag="520"><ns0:subfield code="a">Flying together on a storm-ravaged night, a gifted surgeon facing a painful separation from his wife and a young magazine writer on her way to her wedding are plunged into a life-and-death ordeal. As the days turn into weeks on the unforgiving mountain, the two heal from their physical wounds even as they are forced to confront surprising and painful truths about their lives.</ns0:subfield></ns0:datafield><ns0:datafield ind1=" " ind2=" " tag="592"><ns0:subfield code="a">LGP</ns0:subfield></ns0:datafield><ns0:datafield ind1=" " ind2="0" tag="650"><ns0:subfield code="a">Shipwreck survival.</ns0:subfield><ns0:subfield code="v">Fiction.</ns0:subfield></ns0:datafield><ns0:datafield ind1=" " ind2="7" tag="655"><ns0:subfield code="a">Christian fiction.</ns0:subfield><ns0:subfield code="2">gsafd</ns0:subfield></ns0:datafield><ns0:datafield ind1=" " ind2=" " tag="935"><ns0:subfield code="a">(OCoLC)457147794</ns0:subfield></ns0:datafield><ns0:datafield ind1=" " ind2=" " tag="995"><ns0:subfield code="a">15</ns0:subfield></ns0:datafield><ns0:datafield ind1=" " ind2=" " tag="996"><ns0:subfield code="a">2137863</ns0:subfield></ns0:datafield><ns2:datafield ind1=" " ind2=" " tag="035"><ns0:subfield code="a">(AutoGenerated)201802141659510080045</ns0:subfield></ns2:datafield></ns0:record>