
<ns0:record><ns0:leader>01174cam a2200337 a 4500</ns0:leader>
<ns0:controlfield tag="001">40763</ns0:controlfield>
<ns0:controlfield tag="003">NNELS</ns0:controlfield><ns0:controlfield tag="005">20180110230053.0</ns0:controlfield><ns0:controlfield tag="008">110802s2012    nyu           000 1 eng  </ns0:controlfield><ns0:datafield ind1=" " ind2=" " tag="010"><ns0:subfield code="a">  2011029527</ns0:subfield></ns0:datafield><ns0:datafield ind1="7" ind2=" " tag="016"><ns0:subfield code="a">016035686</ns0:subfield><ns0:subfield code="2">Uk</ns0:subfield></ns0:datafield><ns0:datafield ind1=" " ind2=" " tag="020"><ns0:subfield code="a">9781455503988</ns0:subfield></ns0:datafield><ns0:datafield ind1=" " ind2=" " tag="020"><ns0:subfield code="a">1455503983</ns0:subfield></ns0:datafield><ns0:datafield ind1=" " ind2=" " tag="040"><ns0:subfield code="a">DLC</ns0:subfield><ns0:subfield code="c">DLC</ns0:subfield><ns0:subfield code="d">BTCTA</ns0:subfield><ns0:subfield code="d">BDX</ns0:subfield><ns0:subfield code="d">UKMGB</ns0:subfield><ns0:subfield code="d">ZGY</ns0:subfield><ns0:subfield code="d">IK2</ns0:subfield><ns0:subfield code="d">VP@</ns0:subfield></ns0:datafield><ns0:datafield ind1="0" ind2="0" tag="050"><ns0:subfield code="a">PS3613.A7778</ns0:subfield><ns0:subfield code="b">T48 2012</ns0:subfield></ns0:datafield><ns0:datafield ind1="0" ind2="0" tag="082"><ns0:subfield code="a">813/.6</ns0:subfield><ns0:subfield code="2">23</ns0:subfield></ns0:datafield><ns0:datafield ind1="1" ind2=" " tag="100"><ns0:subfield code="a">Martin, Charles,</ns0:subfield><ns0:subfield code="d">1969-</ns0:subfield></ns0:datafield><ns0:datafield ind1="1" ind2="0" tag="245"><ns0:subfield code="a">Thunder and rain /</ns0:subfield><ns0:subfield code="c">Charles Martin.</ns0:subfield></ns0:datafield><ns0:datafield ind1=" " ind2=" " tag="250"><ns0:subfield code="a">1st ed.</ns0:subfield></ns0:datafield><ns0:datafield ind1=" " ind2=" " tag="264"><ns0:subfield code="a">New York :</ns0:subfield><ns0:subfield code="b">Center Street,</ns0:subfield><ns0:subfield code="c">2012.</ns0:subfield></ns0:datafield><ns0:datafield ind1=" " ind2=" " tag="300"><ns0:subfield code="a">357 p. ;</ns0:subfield><ns0:subfield code="c">24 cm.</ns0:subfield></ns0:datafield><ns0:datafield ind1=" " ind2="0" tag="449"><ns0:subfield code="a">Fiction, New, 2012_04</ns0:subfield></ns0:datafield><ns0:datafield ind1=" " ind2=" " tag="506"><ns0:subfield code="a">Restricted to use by people with a documented print impairment.</ns0:subfield></ns0:datafield><ns0:datafield ind1=" " ind2=" " tag="520"><ns0:subfield code="a">Modern cowboy Tyler Steele must raise his son, Brodie, save his ranch, and rebuild his life after his wife leaves him for being emotionally distant and ultimately learns that being a man means confronting your true weaknesses.</ns0:subfield></ns0:datafield><ns0:datafield ind1=" " ind2="0" tag="650"><ns0:subfield code="a">Fathers and sons</ns0:subfield><ns0:subfield code="v">Fiction.</ns0:subfield></ns0:datafield><ns0:datafield ind1=" " ind2="0" tag="650"><ns0:subfield code="a">Cowboys</ns0:subfield><ns0:subfield code="v">Fiction.</ns0:subfield></ns0:datafield><ns0:datafield ind1=" " ind2="0" tag="655"><ns0:subfield code="a">Domestic fiction.</ns0:subfield></ns0:datafield><ns0:datafield ind1=" " ind2="7" tag="655"><ns0:subfield code="a">Christian fiction.</ns0:subfield><ns0:subfield code="2">gsafd</ns0:subfield></ns0:datafield><ns0:datafield ind1=" " ind2=" " tag="935"><ns0:subfield code="a">(OCoLC)744975950</ns0:subfield></ns0:datafield><ns0:datafield ind1=" " ind2=" " tag="995"><ns0:subfield code="a">16</ns0:subfield></ns0:datafield><ns0:datafield ind1=" " ind2=" " tag="996"><ns0:subfield code="a">2881838</ns0:subfield></ns0:datafield><ns2:datafield ind1=" " ind2=" " tag="035"><ns0:subfield code="a">(AutoGenerated)201802141659510080064</ns0:subfield></ns2:datafield></ns0:record>