
<ns0:record><ns0:leader>01080cam a2200289 a 4500</ns0:leader>
<ns0:controlfield tag="001">40767</ns0:controlfield>
<ns0:controlfield tag="003">NNELS</ns0:controlfield><ns0:controlfield tag="005">20180110230657.0</ns0:controlfield><ns0:controlfield tag="008">771018s1977    enkabe j      000 1 eng  </ns0:controlfield><ns0:datafield ind1=" " ind2=" " tag="010"><ns0:subfield code="a">77367141</ns0:subfield></ns0:datafield><ns0:datafield ind1=" " ind2=" " tag="015"><ns0:subfield code="a">GB77-02639</ns0:subfield></ns0:datafield><ns0:datafield ind1="1" ind2=" " tag="019"><ns0:subfield code="a">1047765</ns0:subfield></ns0:datafield><ns0:datafield ind1=" " ind2=" " tag="020"><ns0:subfield code="a">0192713922</ns0:subfield></ns0:datafield><ns0:datafield ind1=" " ind2=" " tag="040"><ns0:subfield code="a">LC</ns0:subfield><ns0:subfield code="b">eng</ns0:subfield><ns0:subfield code="c">LC</ns0:subfield><ns0:subfield code="d">ANB</ns0:subfield></ns0:datafield><ns0:datafield ind1="0" ind2="0" tag="050"><ns0:subfield code="a">PZ7.S966</ns0:subfield><ns0:subfield code="b">Bl 1977b</ns0:subfield></ns0:datafield><ns0:datafield ind1="0" ind2="4" tag="082"><ns0:subfield code="a">[Fic]</ns0:subfield></ns0:datafield><ns0:datafield ind1="1" ind2=" " tag="100"><ns0:subfield code="a">Sutcliff, Rosemary.</ns0:subfield></ns0:datafield><ns0:datafield ind1="1" ind2="0" tag="245"><ns0:subfield code="a">Blood feud /</ns0:subfield><ns0:subfield code="c">Rosemary Sutcliff ; illustrated by Charles Keeping.</ns0:subfield></ns0:datafield><ns0:datafield ind1=" " ind2=" " tag="264"><ns0:subfield code="a">London :</ns0:subfield><ns0:subfield code="b">Oxford University Press,</ns0:subfield><ns0:subfield code="c">1976 [i.e. 1977]</ns0:subfield></ns0:datafield><ns0:datafield ind1=" " ind2=" " tag="300"><ns0:subfield code="a">ix, 144 p. :</ns0:subfield><ns0:subfield code="b">ill., map (on lining paper), plan (on lining paper) ;</ns0:subfield><ns0:subfield code="c">23 cm.</ns0:subfield></ns0:datafield><ns0:datafield ind1=" " ind2=" " tag="506"><ns0:subfield code="a">Restricted to use by people with a documented print impairment.</ns0:subfield></ns0:datafield><ns0:datafield ind1=" " ind2=" " tag="520"><ns0:subfield code="a">Sold into slavery to the Northmen in the tenth century, a young Englishman becomes involved in a blood feud which leads him to Constantinople and a totally different way of life.</ns0:subfield></ns0:datafield><ns0:datafield ind1=" " ind2="1" tag="650"><ns0:subfield code="a">Vikings</ns0:subfield><ns0:subfield code="x">Fiction.</ns0:subfield></ns0:datafield><ns0:datafield ind1=" " ind2="1" tag="651"><ns0:subfield code="a">Istanbul (Turkey)</ns0:subfield><ns0:subfield code="x">History</ns0:subfield><ns0:subfield code="x">Fiction.</ns0:subfield></ns0:datafield><ns0:datafield ind1=" " ind2=" " tag="935"><ns0:subfield code="9">(AuCNLDY)259027</ns0:subfield></ns0:datafield><ns0:datafield ind1=" " ind2=" " tag="935"><ns0:subfield code="a">842521</ns0:subfield></ns0:datafield><ns0:datafield ind1=" " ind2=" " tag="984"><ns0:subfield code="a">ANL</ns0:subfield><ns0:subfield code="c">823.914 S965bl &lt;00642570&gt;</ns0:subfield></ns0:datafield><ns2:datafield ind1=" " ind2=" " tag="035"><ns0:subfield code="a">(AutoGenerated)201802141659510080083</ns0:subfield></ns2:datafield></ns0:record>