
<ns0:record><ns0:leader>01556cam a2200361 a 4500</ns0:leader>
<ns0:controlfield tag="001">40762</ns0:controlfield>
<ns0:controlfield tag="003">NNELS</ns0:controlfield><ns0:controlfield tag="005">20180110225910.0</ns0:controlfield><ns0:controlfield tag="008">040114s2004    tnu           000 1 eng  </ns0:controlfield><ns0:datafield ind1=" " ind2=" " tag="010"><ns0:subfield code="a">  2004000633</ns0:subfield></ns0:datafield><ns0:datafield ind1=" " ind2=" " tag="020"><ns0:subfield code="a">0785261818 (trade paper)</ns0:subfield></ns0:datafield><ns0:datafield ind1=" " ind2=" " tag="020"><ns0:subfield code="z">97807852618110 (trade paper)</ns0:subfield></ns0:datafield><ns0:datafield ind1=" " ind2=" " tag="040"><ns0:subfield code="a">DLC</ns0:subfield><ns0:subfield code="c">DLC</ns0:subfield><ns0:subfield code="d">VP@</ns0:subfield><ns0:subfield code="d">UtOrBLW</ns0:subfield></ns0:datafield><ns0:datafield ind1=" " ind2=" " tag="043"><ns0:subfield code="a">n-us-sc</ns0:subfield></ns0:datafield><ns0:datafield ind1="0" ind2="0" tag="050"><ns0:subfield code="a">PS3613.A7778</ns0:subfield><ns0:subfield code="b">D43 2004</ns0:subfield></ns0:datafield><ns0:datafield ind1="0" ind2="0" tag="082"><ns0:subfield code="a">813/.6</ns0:subfield><ns0:subfield code="2">22</ns0:subfield></ns0:datafield><ns0:datafield ind1="1" ind2=" " tag="100"><ns0:subfield code="a">Martin, Charles,</ns0:subfield><ns0:subfield code="d">1969-</ns0:subfield></ns0:datafield><ns0:datafield ind1="1" ind2="4" tag="245"><ns0:subfield code="a">The dead don't dance :</ns0:subfield><ns0:subfield code="b">a novel of awakening /</ns0:subfield><ns0:subfield code="c">Charles Martin.</ns0:subfield></ns0:datafield><ns0:datafield ind1=" " ind2=" " tag="264"><ns0:subfield code="a">Nashville :</ns0:subfield><ns0:subfield code="b">WestBow Press,</ns0:subfield><ns0:subfield code="c">c2004.</ns0:subfield></ns0:datafield><ns0:datafield ind1=" " ind2=" " tag="300"><ns0:subfield code="a">315 p. ;</ns0:subfield><ns0:subfield code="c">22 cm.</ns0:subfield></ns0:datafield><ns0:datafield ind1=" " ind2=" " tag="506"><ns0:subfield code="a">Restricted to use by people with a documented print impairment.</ns0:subfield></ns0:datafield><ns0:datafield ind1=" " ind2=" " tag="520"><ns0:subfield code="a">A sleepy rural town in South Carolina. The end of summer and a baby about to be born. But in the midst of hope and celebration comes unexpected tragedy, and Dylan Styles must come to terms with how much he's lost. Will the music of his heart be stilled forever--or will he choose to dance with life once more, in spite of sorrow and heartbreak? The Dead Don't Dance is a bittersweet yet triumphant love story--a tale of one man's spiritual journey through the darkness of despair and into the light of hope.</ns0:subfield></ns0:datafield><ns0:datafield ind1=" " ind2="0" tag="650"><ns0:subfield code="a">Country life</ns0:subfield><ns0:subfield code="v">Fiction.</ns0:subfield></ns0:datafield><ns0:datafield ind1=" " ind2="0" tag="650"><ns0:subfield code="a">Loss (Psychology)</ns0:subfield><ns0:subfield code="v">Fiction.</ns0:subfield></ns0:datafield><ns0:datafield ind1=" " ind2="0" tag="651"><ns0:subfield code="a">South Carolina</ns0:subfield><ns0:subfield code="v">Fiction.</ns0:subfield></ns0:datafield><ns0:datafield ind1=" " ind2="0" tag="655"><ns0:subfield code="a">Psychological fiction.</ns0:subfield><ns0:subfield code="2">lcsh</ns0:subfield></ns0:datafield><ns0:datafield ind1=" " ind2="0" tag="655"><ns0:subfield code="a">Love stories.</ns0:subfield><ns0:subfield code="2">gsafd</ns0:subfield></ns0:datafield><ns0:datafield ind1=" " ind2=" " tag="913"><ns0:subfield code="a">BKCT</ns0:subfield></ns0:datafield><ns0:datafield ind1=" " ind2=" " tag="935"><ns0:subfield code="a">(SITKA)102707999</ns0:subfield></ns0:datafield><ns0:datafield ind1=" " ind2=" " tag="935"><ns0:subfield code="a">(OCoLC)54096358 </ns0:subfield></ns0:datafield><ns0:datafield ind1=" " ind2=" " tag="995"><ns0:subfield code="a">0</ns0:subfield></ns0:datafield><ns0:datafield ind1=" " ind2=" " tag="996"><ns0:subfield code="a">1205638</ns0:subfield></ns0:datafield><ns0:datafield ind1=" " ind2=" " tag="997"><ns0:subfield code="a">2174142</ns0:subfield></ns0:datafield><ns2:datafield ind1=" " ind2=" " tag="035"><ns0:subfield code="a">(AutoGenerated)201802141659510080099</ns0:subfield></ns2:datafield></ns0:record>