
<ns0:record><ns0:leader>01944cam a2200385 a 4500</ns0:leader>
<ns0:controlfield tag="001">40760</ns0:controlfield>
<ns0:controlfield tag="003">NNELS</ns0:controlfield><ns0:controlfield tag="005">20180110225509.0</ns0:controlfield><ns0:controlfield tag="008">161123s2017    oncb   e      000 1 eng d</ns0:controlfield><ns0:datafield ind1=" " ind2=" " tag="016"><ns0:subfield code="a">20169076644</ns0:subfield></ns0:datafield><ns0:datafield ind1=" " ind2=" " tag="040"><ns0:subfield code="a">NLC</ns0:subfield><ns0:subfield code="b">eng</ns0:subfield><ns0:subfield code="c">NLC</ns0:subfield><ns0:subfield code="d">OCLCQ</ns0:subfield><ns0:subfield code="d">VP@</ns0:subfield><ns0:subfield code="d">CaNSH</ns0:subfield></ns0:datafield><ns0:datafield ind1=" " ind2="0" tag="055"><ns0:subfield code="a">PS8609 L25</ns0:subfield><ns0:subfield code="b">A64 2017</ns0:subfield></ns0:datafield><ns0:datafield ind1="1" ind2=" " tag="100"><ns0:subfield code="a">El Akkad, Omar,</ns0:subfield><ns0:subfield code="d">1982-</ns0:subfield></ns0:datafield><ns0:datafield ind1="1" ind2="0" tag="245"><ns0:subfield code="a">American war /</ns0:subfield><ns0:subfield code="c">Omar El Akkad.</ns0:subfield></ns0:datafield><ns0:datafield ind1=" " ind2=" " tag="250"><ns0:subfield code="a">Hardcover ed.</ns0:subfield></ns0:datafield><ns0:datafield ind1=" " ind2=" " tag="264"><ns0:subfield code="a">Toronto :</ns0:subfield><ns0:subfield code="b">McClelland &amp; Stewart,</ns0:subfield><ns0:subfield code="c">2017.</ns0:subfield></ns0:datafield><ns0:datafield ind1=" " ind2=" " tag="300"><ns0:subfield code="a">333 p. :</ns0:subfield><ns0:subfield code="b">maps ;</ns0:subfield><ns0:subfield code="c">25 cm</ns0:subfield></ns0:datafield><ns0:datafield ind1=" " ind2=" " tag="449"><ns0:subfield code="a">CAT LIST: CanLit</ns0:subfield></ns0:datafield><ns0:datafield ind1=" " ind2=" " tag="449"><ns0:subfield code="a">CANADA READS 2018</ns0:subfield></ns0:datafield><ns0:datafield ind1=" " ind2=" " tag="506"><ns0:subfield code="a">Restricted to use by people with a documented print impairment.</ns0:subfield></ns0:datafield><ns0:datafield ind1="0" ind2=" " tag="520"><ns0:subfield code="a">Sarat Chestnut, born in Louisiana, is only six when the Second American Civil War breaks out in 2074. But even she knows that oil is outlawed, that Louisiana is half underwater, that unmanned drones fill the sky. And when her father is killed and her family is forced into Camp Patience for displaced persons, she quickly begins to be shaped by her particular time and place until, finally, through the influence of a mysterious functionary, she is turned into a deadly instrument of war. Telling her story is her nephew, Benjamin Chestnut, born during war as one of the Miraculous Generation and now an old man confronting the dark secret of his past--his family's role in the conflict and, in particular, that of his aunt, a woman who saved his life while destroying untold others.</ns0:subfield></ns0:datafield><ns0:datafield ind1=" " ind2="0" tag="650"><ns0:subfield code="a">Women soldiers</ns0:subfield><ns0:subfield code="v">Fiction.</ns0:subfield></ns0:datafield><ns0:datafield ind1=" " ind2="0" tag="650"><ns0:subfield code="a">Civil war</ns0:subfield><ns0:subfield code="v">Fiction.</ns0:subfield></ns0:datafield><ns0:datafield ind1=" " ind2="0" tag="650"><ns0:subfield code="a">Families</ns0:subfield><ns0:subfield code="v">Fiction.</ns0:subfield></ns0:datafield><ns0:datafield ind1=" " ind2="0" tag="650"><ns0:subfield code="a">Environmental disasters</ns0:subfield><ns0:subfield code="v">Fiction.</ns0:subfield></ns0:datafield><ns0:datafield ind1=" " ind2="0" tag="650"><ns0:subfield code="a">Refugee camps</ns0:subfield><ns0:subfield code="v">Fiction.</ns0:subfield></ns0:datafield><ns0:datafield ind1=" " ind2="0" tag="650"><ns0:subfield code="a">Survival</ns0:subfield><ns0:subfield code="v">Fiction.</ns0:subfield></ns0:datafield><ns0:datafield ind1=" " ind2="0" tag="650"><ns0:subfield code="a">Memory</ns0:subfield><ns0:subfield code="v">Fiction.</ns0:subfield></ns0:datafield><ns0:datafield ind1="0" ind2="7" tag="650"><ns0:subfield code="a">War</ns0:subfield><ns0:subfield code="v">Fiction</ns0:subfield><ns0:subfield code="2">lcgft</ns0:subfield></ns0:datafield><ns0:datafield ind1=" " ind2="0" tag="651"><ns0:subfield code="a">Louisiana</ns0:subfield><ns0:subfield code="v">Fiction.</ns0:subfield></ns0:datafield><ns0:datafield ind1=" " ind2="7" tag="655"><ns0:subfield code="a">Dystopias.</ns0:subfield><ns0:subfield code="2">gsafd</ns0:subfield></ns0:datafield><ns0:datafield ind1=" " ind2="7" tag="655"><ns0:subfield code="a">Political fiction.</ns0:subfield><ns0:subfield code="2">lcsh</ns0:subfield></ns0:datafield><ns0:datafield ind1=" " ind2="7" tag="655"><ns0:subfield code="a">Futuristic fiction.</ns0:subfield><ns0:subfield code="2">local</ns0:subfield></ns0:datafield><ns0:datafield ind1=" " ind2="7" tag="655"><ns0:subfield code="a">Canadian fiction.</ns0:subfield><ns0:subfield code="2">lcsh</ns0:subfield></ns0:datafield><ns0:datafield ind1=" " ind2=" " tag="948"><ns0:subfield code="d">2017/04/14</ns0:subfield></ns0:datafield><ns2:datafield ind1=" " ind2=" " tag="035"><ns0:subfield code="a">(AutoGenerated)201802141659510080126</ns0:subfield></ns2:datafield></ns0:record>