
<ns0:record><ns0:leader>01362cam a2200253 a 4500</ns0:leader>
<ns0:controlfield tag="001">40765</ns0:controlfield>
<ns0:controlfield tag="003">NNELS</ns0:controlfield><ns0:controlfield tag="005">20180110230402.0</ns0:controlfield><ns0:controlfield tag="008">160108s2009    enka   e b    001 0 eng d</ns0:controlfield><ns0:datafield ind1=" " ind2=" " tag="020"><ns0:subfield code="a">9781847246820 (hc)</ns0:subfield></ns0:datafield><ns0:datafield ind1=" " ind2=" " tag="020"><ns0:subfield code="a">1847246826 (hc)</ns0:subfield></ns0:datafield><ns0:datafield ind1=" " ind2=" " tag="040"><ns0:subfield code="a">BTCTA</ns0:subfield><ns0:subfield code="c">BTCTA</ns0:subfield><ns0:subfield code="d">QBX</ns0:subfield><ns0:subfield code="d">CDX</ns0:subfield><ns0:subfield code="d">CFA</ns0:subfield><ns0:subfield code="d">KN4</ns0:subfield><ns0:subfield code="d">VP@</ns0:subfield><ns0:subfield code="d">CaNSH</ns0:subfield></ns0:datafield><ns0:datafield ind1=" " ind2="4" tag="050"><ns0:subfield code="a">HV8657</ns0:subfield><ns0:subfield code="b">.C76 2009</ns0:subfield></ns0:datafield><ns0:datafield ind1="0" ind2="4" tag="082"><ns0:subfield code="a">365/.641</ns0:subfield><ns0:subfield code="2">22</ns0:subfield></ns0:datafield><ns0:datafield ind1="1" ind2=" " tag="100"><ns0:subfield code="a">Crofton, Ian.</ns0:subfield></ns0:datafield><ns0:datafield ind1="1" ind2="0" tag="245"><ns0:subfield code="a">Great Escapes :</ns0:subfield><ns0:subfield code="b">Alcatraz, the Berlin Wall, Colditz, Devil's Island and 20 other stories of daring, audacity and ingenuity /</ns0:subfield><ns0:subfield code="c">Ian Crofton.</ns0:subfield></ns0:datafield><ns0:datafield ind1=" " ind2=" " tag="264"><ns0:subfield code="a">London :</ns0:subfield><ns0:subfield code="b">Quercus,</ns0:subfield><ns0:subfield code="c">c2009.</ns0:subfield></ns0:datafield><ns0:datafield ind1=" " ind2=" " tag="300"><ns0:subfield code="a">186 p. :</ns0:subfield><ns0:subfield code="b">ill. ;</ns0:subfield><ns0:subfield code="c">28 cm.</ns0:subfield></ns0:datafield><ns0:datafield ind1=" " ind2=" " tag="504"><ns0:subfield code="a">Includes bibliographical references and index.</ns0:subfield></ns0:datafield><ns0:datafield ind1=" " ind2=" " tag="506"><ns0:subfield code="a">Restricted to use by people with a documented print impairment.</ns0:subfield></ns0:datafield><ns0:datafield ind1=" " ind2=" " tag="520"><ns0:subfield code="a">Great Escapes brings together extraordinary stories of daring escapes from prison, prisoner-of-war camps and other places of incarceration and confinement, drawn from every period of history and from every corner of the world. In addition to telling the stories of the most celebrated and notorious of prison breaks, including Alcatraz, Great Escapes recounts the classic POW escape stories of World War II, including the 'Great Escape' (immortalized by the eponymous 1960s movie starring Steve McQueen).</ns0:subfield></ns0:datafield><ns0:datafield ind1=" " ind2="0" tag="650"><ns0:subfield code="a">Escapes</ns0:subfield><ns0:subfield code="x">History.</ns0:subfield></ns0:datafield><ns0:datafield ind1=" " ind2=" " tag="935"><ns0:subfield code="a">(OCoLC)298185618</ns0:subfield></ns0:datafield><ns0:datafield ind1=" " ind2=" " tag="948"><ns0:subfield code="d">2016/01/08</ns0:subfield></ns0:datafield><ns2:datafield ind1=" " ind2=" " tag="035"><ns0:subfield code="a">(AutoGenerated)201802141659510080152</ns0:subfield></ns2:datafield></ns0:record>