
<ns0:record><ns0:leader>01085nam a2200145Ia 4500</ns0:leader>
<ns0:controlfield tag="001">40758</ns0:controlfield>
<ns0:controlfield tag="003">NNELS</ns0:controlfield><ns0:controlfield tag="005">20180110225038.0</ns0:controlfield><ns0:controlfield tag="008">180110s9999    xx            000 0 und d</ns0:controlfield><ns0:datafield ind1=" " ind2=" " tag="020"><ns0:subfield code="a">9780771024306</ns0:subfield></ns0:datafield><ns0:datafield ind1=" " ind2=" " tag="100"><ns0:subfield code="a">Sharon Bala</ns0:subfield></ns0:datafield><ns0:datafield ind1=" " ind2="4" tag="245"><ns0:subfield code="a">The Boat People</ns0:subfield></ns0:datafield><ns0:datafield ind1=" " ind2=" " tag="264"><ns0:subfield code="b">Random House, Inc.</ns0:subfield></ns0:datafield><ns0:datafield ind1=" " ind2=" " tag="506"><ns0:subfield code="a">Restricted to use by people with a documented print impairment.</ns0:subfield></ns0:datafield><ns0:datafield ind1=" " ind2=" " tag="520"><ns0:subfield code="a">Mahindan was flat on his back when the screaming began, one arm right-angled over his eyes. He heard the whistle and thud of falling artillery, the cries of the dying. Mortar shells and rockets, the whole world on fire. Then another sound. It cut through the clamor so that for a drawn-out second there was nothing else, only him and his son and the bomb that arched through the sky with a shrill banshee scream, spinning nose aimed straight for them. Mahindan fought to open his eyes. His limbs were pinned down and heavy. He struggled to move, to call out in terror, to clamber and run. The ground rumbled. The shell exploded, shard of hot metal spitting in its wake. The tent was rent in helf. Mahindan jolted awake.</ns0:subfield></ns0:datafield><ns2:datafield ind1=" " ind2=" " tag="035"><ns0:subfield code="a">(AutoGenerated)201802141659510080162</ns0:subfield></ns2:datafield></ns0:record>
</ns0:collection>